<?xml version = "1.0" encoding = "UTF-8"?><OAI-PMH xmlns="http://www.openarchives.org/OAI/2.0/" xmlns:xsi="http://www.w3.org/2001/XMLSchema-instance" xsi:schemaLocation="http://www.openarchives.org/OAI/2.0/ http://www.openarchives.org/OAI/2.0/OAI-PMH.xsd"><ListRecords><record><header><identifier>aleph-publish:012305680</identifier></header><metadata><record xmlns="http://www.ddb.de/professionell/mabxml/mabxml-1.xsd"><leader>00350nM2.01200024------h</leader><controlfield tag="LDR">00350nM2.01200024------h</controlfield><controlfield tag="FMT">MH</controlfield><datafield tag="001" ind1="-" ind2="1"><subfield code="a">TT000136775</subfield></datafield><datafield tag="002" ind1="a" ind2="1"><subfield code="a">19980518</subfield></datafield><datafield tag="003" ind1="-" ind2="1"><subfield code="a">20180122</subfield></datafield><datafield tag="004" ind1="-" ind2="1"><subfield code="a">20031211</subfield></datafield><datafield tag="026" ind1="-" ind2="1"><subfield code="a">HBZTT000136775</subfield></datafield><controlfield tag="030">a|1uc||||||17</controlfield><controlfield tag="050">a|||||||||||||</controlfield><controlfield tag="051">s|||||||</controlfield><datafield tag="070" ind1="-" ind2="1"><subfield code="a">MHS</subfield></datafield><datafield tag="070" ind1="a" ind2="1"><subfield code="a">MHS</subfield></datafield><datafield tag="070" ind1="b" ind2="1"><subfield code="a">HBZ/Red</subfield></datafield><datafield tag="080" ind1="-" ind2="1"><subfield code="a">60</subfield></datafield><datafield tag="100" ind1="-" ind2="1"><subfield code="a">Waltershausen, Hermann W. von</subfield></datafield><datafield tag="331" ind1="-" ind2="1"><subfield code="a">Dirigenten-Erziehung</subfield></datafield><datafield tag="359" ind1="-" ind2="1"><subfield code="a">von Herm. W. v. Waltershausen</subfield></datafield><datafield tag="410" ind1="-" ind2="1"><subfield code="a">Leipzig</subfield></datafield><datafield tag="412" ind1="-" ind2="1"><subfield code="a">Quelle &amp; Meyer</subfield></datafield><datafield tag="425" ind1="-" ind2="1"><subfield code="a">1929</subfield></datafield><datafield tag="425" ind1="a" ind2="1"><subfield code="a">1929</subfield></datafield><datafield tag="433" ind1="-" ind2="1"><subfield code="a">81 S.</subfield></datafield><datafield tag="451" ind1="-" ind2="1"><subfield code="a">Musikpädagogische Bibliothek ; 4</subfield></datafield><datafield tag="453" ind1="-" ind2="1"><subfield code="a">TT001211556</subfield></datafield><datafield tag="455" ind1="-" ind2="1"><subfield code="a">4</subfield></datafield><datafield tag="456" ind1="-" ind2="1"><subfield code="a">4</subfield></datafield><controlfield tag="SYS">012305680</controlfield><datafield tag="088" ind1=" " ind2=" "><subfield code="a">1156</subfield><subfield code="c">Sbh 70 / Wal</subfield><subfield code="e">keine Angabe</subfield></datafield><datafield tag="088" ind1=" " ind2=" "><subfield code="a">1156</subfield><subfield code="c">Sbh 70 / Wal / a</subfield><subfield code="e">keine Angabe</subfield></datafield></record></metadata></record></ListRecords></OAI-PMH>